@article {MR0375287,
    AUTHOR = {Brooks, Robin B. S. and Brown, Robert F. and Pak, Jingyal and
              Taylor, Douglas H.},
     TITLE = {Nielsen numbers of maps of tori},
   JOURNAL = {Proc. Amer. Math. Soc.},
  FJOURNAL = {Proceedings of the American Mathematical Society},
    VOLUME = {52},
      YEAR = {1975},
     PAGES = {398--400},
      ISSN = {0002-9939},
   MRCLASS = {55C20},
  MRNUMBER = {0375287},
MRREVIEWER = {L. Gorniewicz},
}

@article {MR1340261,
    AUTHOR = {You, Cheng Ye},
     TITLE = {The least number of periodic points on tori},
   JOURNAL = {Adv. in Math. (China)},
  FJOURNAL = {Advances in Mathematics (China). Shuxue Jinzhan},
    VOLUME = {24},
      YEAR = {1995},
    NUMBER = {2},
     PAGES = {155--160},
      ISSN = {1000-0917},
     CODEN = {SHCCAR},
   MRCLASS = {57S99 (55M20)},
  MRNUMBER = {1340261},
}



@book {jiang,
    AUTHOR = {Jiang, Bo Ju},
     TITLE = {Lectures on {N}ielsen fixed point theory},
    SERIES = {Contemporary Mathematics},
    VOLUME = {14},
 PUBLISHER = {American Mathematical Society, Providence, R.I.},
      YEAR = {1983},
     PAGES = {vii+110},
      ISBN = {0-8218-5014-8},
   MRCLASS = {55M20 (57S17)},
  MRNUMBER = {685755},
MRREVIEWER = {Ross Geoghegan},
}
		
